@misc{EPIC. “Setting up Character Movement.” Unreal Engine 4.27 Documentation, https://docs.unrealengine.com/4.27/en-US/InteractiveExperiences/HowTo/CharacterMovement/. 
}

@misc{DevDocs, https://devdocs.io/cpp/. }

@misc {“Unreal Engine 4 c++/AI Setup.” YouTube, YouTube, 14 Jan. 2018, https://www.youtube.com/watch?v=P12uWSFVSIc&amp;ab_channel=TheRenderBox. }

@misc {“Unreal Tutorial C++ - Fighting.” YouTube, YouTube, 18 Nov. 2018, https://www.youtube.com/watch?v=cWWuDf2ZUj0&amp;list=PLCeaAi_Ah78SEV2Q-iVuFbe6xOtQYH6sH&amp;ab_channel=JollyMonsterStudio.}

@misc{“Unreal Engine C++ Door Creation.” YouTube, YouTube, 1 Apr. 2021, https://www.youtube.com/watch?v=WN8UCRk0Jk0&amp;list=PLnHeglBaPYu92Lwkajmk9Zp1aIHOcXnei&amp;ab_channel=SneakyKittyGameDev. 
}